@misc{nasaBasics,
	author = {CNEOS},
	title = {{N}{E}{O} {B}asics --- cneos.jpl.nasa.gov},
	howpublished = {\url{https://cneos.jpl.nasa.gov/about/basics.html}},
	year = {},
	note = {[Accessed 19-05-2024]},
	publisher = {NASA},
}

@misc{nasaFireballs,
	author = {CNEOS},
	title = {{F}ireballs --- cneos.jpl.nasa.gov},
	howpublished = {\url{https://cneos.jpl.nasa.gov/fireballs/intro.html}},
	year = {},
	note = {[Accessed 19-05-2024]},
}

@misc{rukmini2016statistical,
      title={Statistical survey and analysis of photometric and spectroscopic data on NEAS}, 
      author={J. Rukmini and G. Raghavendra and S. A. Ahmed and D. Shanti Priya and Syeda Azeem Unnisa},
      year={2016},
      eprint={1607.05835},
      archivePrefix={arXiv},
      primaryClass={astro-ph.EP}
}

@misc{zhou2024martians,
      title={MARTIANS (MARs2020, TIANwen and So on) would see more potentially hazardous asteroids than Earthlings}, 
      author={Yufan Fane Zhou and Hailiang Li and Zhiyuan Li and Liyong Zhou},
      year={2024},
      eprint={2405.02614},
      archivePrefix={arXiv},
      primaryClass={astro-ph.EP}
}

@misc{nasaSentryEarth,
	author = {CNEOS},
	title = {{S}entry: {E}arth {I}mpact {M}onitoring --- cneos.jpl.nasa.gov},
	howpublished = {\url{https://cneos.jpl.nasa.gov/sentry/}},
	year = {},
	note = {[Accessed 19-05-2024]},
}