@BOOK{Smith:2012qr,
	title = {{B}ook {T}itle},
	publisher = {Publisher},
	author = {Smith, J.~M. and Jones, A.~B.},
	year = {2012},
	edition = {7th},
}

@ARTICLE{nasaBasics,
	howpublished = {\url{https://cneos.jpl.nasa.gov/about/basics.html}},
	year = {},
	journal = {https://cneos.jpl.nasa.gov/about/basics.html},
	note = {[Accessed 19-05-2024]},
	author = {CNEOS},
	title = {{N}{E}{O} {B}asics --- cneos.jpl.nasa.gov},
	publisher = {NASA},
}

@ARTICLE{nasaFireballs,
	howpublished = {\url{https://cneos.jpl.nasa.gov/fireballs/intro.html}},
	year = {},
	journal = {https://cneos.jpl.nasa.gov/fireballs/intro.html},
	note = {[Accessed 19-05-2024]},
	author = {CNEOS},
	title = {{F}ireballs --- cneos.jpl.nasa.gov},
	publisher = {NASA},
}

@ARTICLE{rukmini2016statistical,
	howpublished = {\url{https://cneos.jpl.nasa.gov/fireballs/intro.html}},
	year = {2016},
	author = {J. Rukmini and G. Raghavendra and S. A. Ahmed and D. Shanti Priya and Syeda Azeem Unnisa},
	title = {Statistical survey and analysis of photometric and spectroscopic data on NEAS},
	publisher = {NASA},
}

@ARTICLE{zhou2024martians,
	howpublished = {\url{https://cneos.jpl.nasa.gov/fireballs/intro.html}},
	year = {2024},
	journal = {https://cneos.jpl.nasa.gov/fireballs/intro.html},
	author = {Yufan Fane Zhou and Hailiang Li and Zhiyuan Li and Liyong Zhou},
	title = {MARTIANS (MARs2020, TIANwen and So on) would see more potentially hazardous asteroids than Earthlings},
}

@ARTICLE{nasaSentryEarth,
	howpublished = {\url{https://cneos.jpl.nasa.gov/sentry/}},
	year = {},
	journal = {https://cneos.jpl.nasa.gov/sentry/},
	note = {[Accessed 19-05-2024]},
	author = {CNEOS},
	title = {{S}entry: {E}arth {I}mpact {M}onitoring --- cneos.jpl.nasa.gov},
	publisher = {NASA},
}

@article{key,
  author          = {Le Pichon, Alexis and Ceranna, Lars and Pilger, Christoph and Mialle, Pierrick and Brown, David and Herry, Pascal and Brachet, Nicolas},
  journal         = {Geophysical Research Letters},
  number          = {14},
  title           = {The 2013 Russian fireball largest ever detected by CTBTO infrasound sensors},
  volume          = {40},
  year            = {2013},
}